@article{Harary1983,
author = {Harary, Frank},
doi = {10.1002/net.3230130303},
file = {:C$\backslash$:/Users/Kansx/Desktop/condtional connectivity.pdf:pdf},
issn = {10970037},
journal = {Networks},
number = {3},
pages = {347--357},
title = {{Conditional connectivity}},
volume = {13},
year = {1983}
}

@article{Lin2016,
author = {Lin, Cheng Kuan and Zhang, Lili and Fan, Jianxi and Wang, Dajin},
doi = {10.1016/j.tcs.2016.04.014},
file = {:C$\backslash$:/Users/Kansx/Desktop/9.Structure connectivity and substructure connectivity of hypercubes.pdf:pdf},
issn = {03043975},
journal = {Theoretical Computer Science},
keywords = {Hypercube,Structure connectivity,Substructure connectivity},
pages = {97--107},
publisher = {Elsevier B.V.},
title = {{Structure connectivity and substructure connectivity of hypercubes}},
url = {http://dx.doi.org/10.1016/j.tcs.2016.04.014},
volume = {634},
year = {2016}
}

@article{Choudum2002,
author = {Choudum, S A and Sunitha, V},
doi = {10.1002/net.10033},
file = {:C$\backslash$:/Users/Kansx/Desktop/augmented cube/Augmented Cubes.pdf:pdf},
keywords = {broadcasting,con-,diameter,distance,embedding,hypercube,nectivity,routing,simple graph},
number = {April},
pages = {71--84},
title = {{Augmented Cubes}},
volume = {40},
year = {2002}
}

%Conditional connectivity measures for large multiprocessor systems
@ARTICLE{262126,
author={S. Latifi and M. Hegde and M. Naraghi-Pour},
journal={IEEE Transactions on Computers},
title={Conditional connectivity measures for large multiprocessor systems},
year={1994},
volume={43},
number={2},
pages={218-222},
keywords={hypercube networks;multiprocessing systems;fault tolerant computing;conditional connectivity;large regular graphs;vertex connectivity;n-dimensional cube;multiprocessor systems;hypercube;Multiprocessing systems;Hypercubes;Network topology;Resilience;Degradation;Fault tolerance;Quantum mechanics;Concurrent computing;Acceleration;Resource management},
doi={10.1109/12.262126},
ISSN={0018-9340},
month={Feb}}

%Extraconnectivity of hypercubes
@article{YANG2009887,
title = "Extraconnectivity of hypercubes",
journal = "Applied Mathematics Letters",
volume = "22",
number = "6",
pages = "887 - 891",
year = "2009",
issn = "0893-9659",
doi = "https://doi.org/10.1016/j.aml.2008.07.016",
url = "http://www.sciencedirect.com/science/article/pii/S0893965908003030",
author = "Weihua Yang and Jixiang Meng",
keywords = "Interconnection networks, Hypercubes, Extraconnectivity"
}

@article{HSIEH201263,
title = "Extraconnectivity of k-ary n-cube networks",
journal = "Theoretical Computer Science",
volume = "443",
pages = "63 - 69",
year = "2012",
issn = "0304-3975",
doi = "https://doi.org/10.1016/j.tcs.2012.03.030",
url = "http://www.sciencedirect.com/science/article/pii/S0304397512002927",
author = "Sun-Yuan Hsieh and Ying-Hsuan Chang",
keywords = "Graph-theoretic interconnection networks, Fault tolerance, Connectivity, Extraconnectivity, -ary -cube networks, Multiprocessor systems"
}

@article{YU201386,
title = "A kind of conditional connectivity of Cayley graphs generated by unicyclic graphs",
journal = "Information Sciences",
volume = "243",
pages = "86 - 94",
year = "2013",
issn = "0020-0255",
doi = "https://doi.org/10.1016/j.ins.2013.04.011",
url = "http://www.sciencedirect.com/science/article/pii/S0020025513003083",
author = "Xiangming Yu and Xiaohui Huang and Zhao Zhang",
keywords = "Fault tolerance, Conditional connectivity, Caylay graph, Unicyclic graph, Modified bubble sort graph"
}

@article{CHEN20071848,
title = "Restricted connectivity for three families of interconnection networks",
journal = "Applied Mathematics and Computation",
volume = "188",
number = "2",
pages = "1848 - 1855",
year = "2007",
issn = "0096-3003",
doi = "https://doi.org/10.1016/j.amc.2006.11.085",
url = "http://www.sciencedirect.com/science/article/pii/S0096300306015529",
author = "Y-Chuang Chen and Jimmy J.M. Tan",
keywords = "Connectivity, Super-connectivity, Restricted vertex connectivity, Restricted edge connectivity",
}
@article{NING201765,
title = "The h-connectivity of exchanged crossed cube",
journal = "Theoretical Computer Science",
volume = "696",
pages = "65 - 68",
year = "2017",
issn = "0304-3975",
doi = "https://doi.org/10.1016/j.tcs.2017.07.023",
url = "http://www.sciencedirect.com/science/article/pii/S0304397517305716",
author = "Wantao Ning",
keywords = "Exchanged crossed cube, Restricted connectivity, Interconnection networks",
}
@article{WAN2009264,
title = "A kind of conditional vertex connectivity of star graphs",
journal = "Applied Mathematics Letters",
volume = "22",
number = "2",
pages = "264 - 267",
year = "2009",
issn = "0893-9659",
doi = "https://doi.org/10.1016/j.aml.2008.03.021",
url = "http://www.sciencedirect.com/science/article/pii/S0893965908001419",
author = "Min Wan and Zhao Zhang",
keywords = "Star graph, Conditional vertex connectivity",
}

@article{FABREGA199649,
title = "On the extraconnectivity of graphs",
journal = "Discrete Mathematics",
volume = "155",
number = "1",
pages = "49 - 57",
year = "1996",
note = "Combinatorics",
issn = "0012-365X",
doi = "https://doi.org/10.1016/0012-365X(94)00369-T",
url = "http://www.sciencedirect.com/science/article/pii/0012365X9400369T",
author = {Josep F{\`{a}}brega and
Miguel Angel Fiol}
}

@ARTICLE{6532290,
author={W. Yang and H. Lin},
journal={IEEE Transactions on Computers},
title={Reliability Evaluation of BC Networks in Terms of the Extra Vertex- and Edge-Connectivity},
year={2014},
volume={63},
number={10},
pages={2540-2548},
keywords={hypercube networks;multiprocessing systems;faulty networks;n-dimensional BC network;twisted cube network models;crossed cube network models;Mo?bius cube network models;hypercube network models;n-dimensional bijective connection network;multiprocessor systems;interconnection network reliability evaluation;BC network extra edge-connectivity;BC network extra vertex-connectivity;BC network reliability evaluation;Hypercubes;Computer network reliability;Multiprocessing systems;Program processors;Fault tolerance;BC networks;reliability;maximally connected component;extra connectivity;extra edge-connectivity;hypercube;interconnection networks},
doi={10.1109/TC.2013.128},
ISSN={0018-9340},
month={Oct},}

@article{Sabir2018,
author = {Sabir, Eminjan and Meng, Jixiang},
doi = {10.1016/j.tcs.2017.10.032},
file = {:C$\backslash$:/Users/Kansx/Desktop/Structure fault tolerance of hypercubes and folded hypercubes.pdf:pdf},
issn = {0304-3975},
journal = {Theoretical Computer Science},
keywords = {structure connectivity,substructure connectivity},
number = {2015},
pages = {44--55},
publisher = {Elsevier B.V.},
title = {{Structure fault tolerance of hypercubes and folded hypercube}},
url = {https://doi.org/10.1016/j.tcs.2017.10.032},
volume = {711},
year = {2018}
}

@article{ZHANG2014374,
title = "Reliability analysis of bijective connection networks in terms of the extra edge-connectivity",
journal = "Information Sciences",
volume = "279",
pages = "374 - 382",
year = "2014",
issn = "0020-0255",
doi = "https://doi.org/10.1016/j.ins.2014.03.125",
url = "http://www.sciencedirect.com/science/article/pii/S0020025514004228",
author = "Mingzu Zhang and Jixiang Meng and Weihua Yang and Yingzhi Tian",
keywords = "BC network, Reliability, Extra edge-connectivity, Hypercube-like network, Restricted edge-connectivity"
}

@article{Lv2018,
archivePrefix = {arXiv},
arxivId = {1803.08408},
author = {Lv, Yali and Fan, Jianxi and {Frank Hsu}, D. and Lin, Cheng Kuan},
doi = {10.1016/j.ins.2017.11.047},
eprint = {1803.08408},
file = {:C$\backslash$:/Users/Kansx/Desktop/structure connectivity and substructure connectivity of twisted hypercube.pdf:pdf},
issn = {00200255},
journal = {Information Sciences},
keywords = {Structure connectivity,Substructure connectivity,k-ary n-cube},
pages = {115--124},
title = {{Structure connectivity and substructure connectivity of k-ary n-cube networks}},
volume = {433-434},
year = {2018}
}

@article{Huazhong,
archivePrefix = {arXiv},
arxivId = {arXiv:1808.02375v1},
author = {Huazhong, L},
eprint = {arXiv:1808.02375v1},
file = {:C$\backslash$:/Users/Kansx/Desktop/Structure and substructure connectivity of balanced hypercubes.pdf:pdf},
keywords = {05c40,68r10,balanced hypercube,china,connectivity,interconnection networks,mathematics subject classification,natural science foundation of,structure connectivity,substructure,supported by the national,this research was partially},
number = {11761056},
pages = {1--15},
title = {{Structure and substructure connectivity of arXiv : 1808 . 02375v1 [ math . CO ] 6 Aug 2018}}
}

@article{Dong2018Structure,
  title={Structure connectivity and substructure connectivity of twisted hypercubes},
  author={Dong, Li and Hu, Xiaolan and Liu, Huiqing},
  year={2018},
}

@article{Chang2012,
author = {Chang, Nai-wen and Hsieh, Sun-yuan and Member, Senior},
file = {:C$\backslash$:/Users/Kansx/Desktop/augmented cube/Conditional Diagnosability of Augmented.pdf:pdf},
number = {1},
pages = {46--60},
title = {{Conditional Diagnosability of Augmented Cubes under the PMC Model}},
volume = {9},
year = {2012}
}

@ARTICLE{4335424,
author={F. T. {Boesch}},
journal={IEEE Transactions on Reliability},
title={Synthesis of reliable networks - a survey},
year={1986},
volume={35},
number={3},
pages={240-246},
keywords={Network synthesis;Reliability theory;Graph theory;Bipartite graph;Books;Network reliability, Connectivity, Graph theory, Vulnerability, Synthesis of networks},
doi={10.1109/TR.1986.4335424},
ISSN={0018-9529},
month={Aug},}

@article{doi:10.1002/jgt.3190080406,
author = {Boesch, F. and Tindell, R.},
title = {Circulants and their connectivities},
journal = {Journal of Graph Theory},
volume = {8},
number = {4},
pages = {487-499},
doi = {10.1002/jgt.3190080406},
url = {https://onlinelibrary.wiley.com/doi/abs/10.1002/jgt.3190080406},
eprint = {https://onlinelibrary.wiley.com/doi/pdf/10.1002/jgt.3190080406},
year = {1984}
}

@article{DBLP:journals/ipl/MaLX08,
author    = {Meijie Ma and
           Guizhen Liu and
           Jun{-}Ming Xu},
title     = {The super connectivity of augmented cubes},
journal   = {Inf. Process. Lett.},
volume    = {106},
number    = {2},
pages     = {59--63},
year      = {2008},
url       = {https://doi.org/10.1016/j.ipl.2007.10.005},
doi       = {10.1016/j.ipl.2007.10.005},
timestamp = {Fri, 30 Nov 2018 13:29:07 +0100},
biburl    = {https://dblp.org/rec/bib/journals/ipl/MaLX08},
bibsource = {dblp computer science bibliography, https://dblp.org}
}

@article{wang2019structure,
  title={Structure Fault-Tolerance of the Generalized Hypercube},
  author={Wang, Guijuan and Lin, Cheng-Kuan and Cheng, Baolei and Fan, Jianxi and Fan, Weibei},
  journal={The Computer Journal},
  year={2019}
}
@article{DBLP:journals/pc/HsuCTH05,
  author    = {Hong{-}Chun Hsu and
               Liang{-}Chih Chiang and
               Jimmy J. M. Tan and
               Lih{-}Hsing Hsu},
  title     = {Fault hamiltonicity of augmented cubes},
  journal   = {Parallel Computing},
  volume    = {31},
  number    = {1},
  pages     = {131--145},
  year      = {2005},
  url       = {https://doi.org/10.1016/j.parco.2004.10.002},
  doi       = {10.1016/j.parco.2004.10.002},
  timestamp = {Sat, 27 May 2017 14:23:18 +0200},
  biburl    = {https://dblp.org/rec/bib/journals/pc/HsuCTH05},
  bibsource = {dblp computer science bibliography, https://dblp.org}
}
@book{Ma2007Panconnectivity,
  title={Panconnectivity and edge-fault-tolerant pancyclicity of augmented cubes},
  author={Ma, Meijie and Liu, Guizhen and Xu, Jun Ming},
  pages={36-42},
  year={2007},
}
